@article{carter2012absolute,
  title={Absolute quantification of somatic DNA alterations in human cancer},
  author={Carter, Scott L and Cibulskis, Kristian and Helman, Elena and McKenna, Aaron and Shen, Hui and Zack, Travis and Laird, Peter W and Onofrio, Robert C and Winckler, Wendy and Weir, Barbara A and others},
  journal={Nature biotechnology},
  volume={30},
  number={5},
  pages={413},
  year={2012},
  publisher={Nature Publishing Group}
}

@article{subramanian2005gene,
  title={Gene set enrichment analysis: a knowledge-based approach for interpreting genome-wide expression profiles},
  author={Subramanian, Aravind and Tamayo, Pablo and Mootha, Vamsi K and Mukherjee, Sayan and Ebert, Benjamin L and Gillette, Michael A and Paulovich, Amanda and Pomeroy, Scott L and Golub, Todd R and Lander, Eric S and others},
  journal={Proceedings of the National Academy of Sciences},
  volume={102},
  number={43},
  pages={15545--15550},
  year={2005},
  publisher={National Acad Sciences}
}

@article{fandel2008we,
  title={Do we truly see what we think we see? The role of cognitive bias in pathological interpretation},
  author={Fandel, TM and Pfn{\"u}r, M and Sch{\"a}fer, SC and Bacchetti, P and Mast, FW and Corinth, C and Ansorge, M and Melchior, SW and Th{\"u}roff, JW and Kirkpatrick, CJ and others},
  journal={The Journal of pathology},
  volume={216},
  number={2},
  pages={193--200},
  year={2008},
  publisher={Wiley Online Library}
}

@article{lee1988thirteen,
  title={Thirteen ways to look at the correlation coefficient},
  author={Lee Rodgers, Joseph and Nicewander, W Alan},
  journal={The American Statistician},
  volume={42},
  number={1},
  pages={59--66},
  year={1988},
  publisher={Taylor \& Francis}
}

@article{berx1998mutations,
  title={Mutations of the human E-cadherin (CDH1) gene},
  author={Berx, Geert and Becker, Karl-Friedrich and H{\"o}fler, Heinz and Van Roy, Frans},
  journal={Human mutation},
  volume={12},
  number={4},
  pages={226--237},
  year={1998},
  publisher={Wiley Online Library}
}

@article{ciocca2009significance,
  title={The significance of GATA3 expression in breast cancer: a 10-year follow-up study},
  author={Ciocca, Vincenzo and Daskalakis, Constantine and Ciocca, Robin M and Ruiz-Orrico, Alejandra and Palazzo, Juan P},
  journal={Human pathology},
  volume={40},
  number={4},
  pages={489--495},
  year={2009},
  publisher={Elsevier}
}

@article{easton2007genome,
  title={Genome-wide association study identifies novel breast cancer susceptibility loci},
  author={Easton, Douglas F and Pooley, Karen A and Dunning, Alison M and Pharoah, Paul DP and Thompson, Deborah and Ballinger, Dennis G and Struewing, Jeffery P and Morrison, Jonathan and Field, Helen and Luben, Robert and others},
  journal={Nature},
  volume={447},
  number={7148},
  pages={1087},
  year={2007},
  publisher={Nature Publishing Group}
}

@article{saal2005pik3ca,
  title={PIK3CA mutations correlate with hormone receptors, node metastasis, and ERBB2, and are mutually exclusive with PTEN loss in human breast carcinoma},
  author={Saal, Lao H and Holm, Karolina and Maurer, Matthew and Memeo, Lorenzo and Su, Tao and Wang, Xiaomei and Jennifer, S Yu and Malmstr{\"o}m, Per-Olof and Mansukhani, Mahesh and Enoksson, Jens and others},
  journal={Cancer research},
  volume={65},
  number={7},
  pages={2554--2559},
  year={2005},
  publisher={AACR}
}

@article{gasco2002p53,
  title={The p53 pathway in breast cancer},
  author={Gasco, Milena and Shami, Shukri and Crook, Tim},
  journal={Breast Cancer Research},
  volume={4},
  number={2},
  pages={70},
  year={2002},
  publisher={BioMed Central}
}

@article{weinstein2013cancer,
  title={The cancer genome atlas pan-cancer analysis project},
  author={Weinstein, John N and Collisson, Eric A and Mills, Gordon B and Shaw, Kenna R Mills and Ozenberger, Brad A and Ellrott, Kyle and Shmulevich, Ilya and Sander, Chris and Stuart, Joshua M and Cancer Genome Atlas Research Network and others},
  journal={Nature genetics},
  volume={45},
  number={10},
  pages={1113},
  year={2013},
  publisher={Nature Publishing Group}
}

@article{oesper2014quantifying,
  title={Quantifying tumor heterogeneity in whole-genome and whole-exome sequencing data},
  author={Oesper, Layla and Satas, Gryte and Raphael, Benjamin J},
  journal={Bioinformatics},
  volume={30},
  number={24},
  pages={3532--3540},
  year={2014},
  publisher={Oxford University Press}
}

@article{sirinukunwattana2016locality,
  title={Locality sensitive deep learning for detection and classification of nuclei in routine colon cancer histology images},
  author={Sirinukunwattana, Korsuk and Raza, Shan E Ahmed and Tsang, Yee-Wah and Snead, David RJ and Cree, Ian A and Rajpoot, Nasir M},
  journal={IEEE transactions on medical imaging},
  volume={35},
  number={5},
  pages={1196--1206},
  year={2016},
  publisher={IEEE}
}

@article{xing2016robust,
  title={Robust nucleus/cell detection and segmentation in digital pathology and microscopy images: a comprehensive review},
  author={Xing, Fuyong and Yang, Lin},
  journal={IEEE reviews in biomedical engineering},
  volume={9},
  pages={234--263},
  year={2016},
  publisher={IEEE}
}

@article{komura2017machine,
  title={Machine learning methods for histopathological image analysis},
  author={Komura, Daisuke and Ishikawa, Shumpei},
  journal={Computational and Structural Biotechnology Journal},
  year={2018},
  publisher={Elsevier}
}

